<?xml version="1.0" encoding="UTF-8"?><record xmlns="http://www.loc.gov/MARC21/slim" xmlns:cinclude="http://apache.org/cocoon/include/1.0" xmlns:zs="http://www.loc.gov/zing/srw/">
  <leader>00513nz  a2200133n  4500</leader>
  <controlfield tag="001">n  84126937 </controlfield>
  <controlfield tag="003">DLC</controlfield>
  <controlfield tag="005">19850329000000.0</controlfield>
  <controlfield tag="008">841121n| acannaab|          |a aaa |||  </controlfield>
  <datafield tag="010" ind1=" " ind2=" ">
    <subfield code="a">n  84126937 </subfield>
  </datafield>
  <datafield tag="040" ind1=" " ind2=" ">
    <subfield code="a">DLC</subfield>
    <subfield code="c">DLC</subfield>
  </datafield>
  <datafield tag="100" ind1="1" ind2="0">
    <subfield code="a">Dzi︠u︡ba, V. L.</subfield>
    <subfield code="q">(Vi︠a︡cheslav Leonidovich)</subfield>
  </datafield>
  <datafield tag="400" ind1="1" ind2="0">
    <subfield code="a">Dzi︠u︡ba, Vi︠a︡cheslav Leonidovich</subfield>
  </datafield>
  <datafield tag="670" ind1=" " ind2=" ">
    <subfield code="a">Dautov, G. I︠U︡. Plazmotrony so stabilizirovannymi ėlektricheskimi dugami, 1984:</subfield>
    <subfield code="b">t.p. (V. L. Dzi︠u︡ba) colophon (Vi︠a︡cheslav Leonidovich Dzi︠u︡ba)</subfield>
  </datafield>
</record>